\part{title}%% AUTHOR
%% AFFILIATION
%% ------------------------------------------------------------------------
%% BIBLIOGRAFIA
%% ------------------------------------------------------------------------
 
%% TOOLS AND CODE

%% INTRODUCTION PART

@incollection{NIPS2010_4043,
	title = {learn},
	author = {Victor Lempitsky and Zisserman, Andrew},
	booktitle = {Advances in Neural Information Processing Systems 23},
	editor = {J.D. Lafferty and C.K.I. Williams and J. Shawe-Taylor and R.S. Zemel and A. Culotta},
	pages = {1324--1332},
	year = {2010},
	publisher = {Curran Associates, Inc.},
	url = {http://papers.nips.cc/paper/4043-learning-to-count-objects-in-images.pdf}
}

%% CROWD COUNTING APPROACHES
@article{viola2005detecting,
	title={Detecting pedestrians using patterns of motion and appearance},
	author={Viola, Paul and Jones, Michael J and Snow, Daniel},
	journal={International Journal of Computer Vision},
	volume={63},
	number={2},
	pages={153--161},
	year={2005},
	publisher={Springer}
}

@inproceedings{zhao2003bayesian,
	title={Bayesian human segmentation in crowded situations},
	author={Zhao, Tao and Nevatia, Ram},
	booktitle={Computer Vision and Pattern Recognition, 2003. Proceedings. 2003 IEEE Computer Society Conference on},
	volume={2},
	pages={II--459},
	year={2003},
	organization={IEEE}
}

@inproceedings{leibe2005pedestrian,
	title={Pedestrian detection in crowded scenes},
	author={Leibe, Bastian and Seemann, Edgar and Schiele, Bernt},
	booktitle={Computer Vision and Pattern Recognition, 2005. CVPR 2005. IEEE Computer Society Conference on},
	volume={1},
	pages={878--885},
	year={2005},
	organization={IEEE}
}

@inproceedings{wu2005detection,
	title={Detection of multiple, partially occluded humans in a single image by bayesian combination of edgelet part detectors},
	author={Wu, Bo and Nevatia, Ram},
	booktitle={Computer Vision, 2005. ICCV 2005. Tenth IEEE International Conference on},
	volume={1},
	pages={90--97},
	year={2005},
	organization={IEEE}
}

@article{lin2001estimation,
	title={Estimation of number of people in crowded scenes using perspective transformation},
	author={Lin, Sheng-Fuu and Chen, Jaw-Yeh and Chao, Hung-Xin},
	journal={Systems, Man and Cybernetics, Part A: Systems and Humans, IEEE Transactions on},
	volume={31},
	number={6},
	pages={645--654},
	year={2001},
	publisher={IEEE}
}

@inproceedings{rabaud2006counting,
	title={Counting crowded moving objects},
	author={Rabaud, Vincent and Belongie, Serge},
	booktitle={Computer Vision and Pattern Recognition, 2006 IEEE Computer Society Conference on},
	volume={1},
	pages={705--711},
	year={2006},
	organization={IEEE}
}

@inproceedings{brostow2006unsupervised,
	title={Unsupervised bayesian detection of independent motion in crowds},
	author={Brostow, Gabriel J and Cipolla, Roberto},
	booktitle={Computer Vision and Pattern Recognition, 2006 IEEE Computer Society Conference on},
	volume={1},
	pages={594--601},
	year={2006},
	organization={IEEE}
}

@inproceedings{leibe2007coupled,
	title={Coupled detection and trajectory estimation for multi-object tracking},
	author={Leibe, Bastian and Schindler, Konrad and Van Gool, Luc},
	booktitle={Computer Vision, 2007. ICCV 2007. IEEE 11th International Conference on},
	pages={1--8},
	year={2007},
	organization={IEEE}
}

%%% REF WITHOUT PRIVACY PRESERVING

@inproceedings{paragios2001mrf,
	title={A MRF-based approach for real-time subway monitoring},
	author={Paragios, Nikos and Ramesh, Visvanathan},
	booktitle={Computer Vision and Pattern Recognition, 2001. CVPR 2001. Proceedings of the 2001 IEEE Computer Society Conference on},
	volume={1},
	pages={I--1034},
	year={2001},
	organization={IEEE}
}

@article{cho1999neural,
	title={A neural-based crowd estimation by hybrid global learning algorithm},
	author={Cho, Siu-Yeung and Chow, Tommy WS and Leung, Chi-Tat},
	journal={Systems, Man, and Cybernetics, Part B: Cybernetics, IEEE Transactions on},
	volume={29},
	number={4},
	pages={535--541},
	year={1999},
	publisher={IEEE}
}

@article{regazzoni1996distributed,
	title={Distributed data fusion for real-time crowding estimation},
	author={Regazzoni, Carlo S and Tesei, Alessandra},
	journal={Signal Processing},
	volume={53},
	number={1},
	pages={47--63},
	year={1996},
	publisher={Elsevier}
}

@article{davies1995crowd,
	title={Crowd monitoring using image processing},
	author={Davies, Anthony C and Yin, Jia Hong and Velastin, Sergio A},
	journal={Electronics \& Communication Engineering Journal},
	volume={7},
	number={1},
	pages={37--47},
	year={1995},
	publisher={IET}
}

@inproceedings{kong2005counting,
	title={Counting Pedestrians in Crowds Using Viewpoint Invariant Training.},
	author={Kong, Dan and Gray, Douglas and Tao, Hai},
	booktitle={BMVC},
	year={2005},
	organization={Citeseer}
}

@inproceedings{marana1998efficacy,
	title={On the efficacy of texture analysis for crowd monitoring},
	author={Marana, AN and Costa, L da F and Lotufo, RA and Velastin, SA},
	booktitle={Computer Graphics, Image Processing, and Vision, 1998. Proceedings. SIBGRAPI'98. International Symposium on},
	pages={354--361},
	year={1998},
	organization={IEEE}
}

@inproceedings{dong2007fast,
	title={Fast crowd segmentation using shape indexing},
	author={Dong, Lan and Parameswaran, Vasu and Ramesh, Visvanathan and Zoghlami, Imad},
	booktitle={Computer Vision, 2007. ICCV 2007. IEEE 11th International Conference on},
	pages={1--8},
	year={2007},
	organization={IEEE}
}



%% the begining of Background section references
@unpublished{Goodfellow-et-al-2016-Book,
	title={Deep Learning},
	author={Ian Goodfellow and Yoshua Bengio and Aaron Courville},
	note={Book in preparation for MIT Press},
	url={http://goodfeli.github.io/dlbook/},
	year={2016}
}

@article{tutorial2014lisa,
	title={LISA Lab},
	author={Tutorial, Deep Learning},
	journal={University of Montreal},
	year={2014}
}

@article{deepnn,
	title={Deep learning in neural networks: An overview},
	author={Schmidhuber, J{\"u}rgen},
	journal={Neural Networks},
	volume={61},
	pages={85--117},
	year={2015},
	publisher={Elsevier}
}

@article{bengio2009learning,
	title={Learning deep architectures for AI},
	author={Bengio, Yoshua},
	journal={Foundations and trends{\textregistered} in Machine Learning},
	volume={2},
	number={1},
	pages={1--127},
	year={2009},
	publisher={Now Publishers Inc.}
}

@article{lecun1995convolutional,
	title={Convolutional networks for images, speech, and time series},
	author={LeCun, Yann and Bengio, Yoshua},
	journal={The handbook of brain theory and neural networks},
	volume={3361},
	number={10},
	pages={1995},
	year={1995}
}

@inproceedings{lecun2010convolutional,
	title={Convolutional networks and applications in vision.},
	author={LeCun, Yann and Kavukcuoglu, Koray and Farabet, Cl{\'e}ment and others},
	booktitle={ISCAS},
	pages={253--256},
	year={2010}
}

@article{williams1986learning,
	title={Learning representations by back-propagating errors},
	author={Williams, DE Rumelhart GE Hinton RJ and Hinton, GE},
	journal={Nature},
	volume={323},
	pages={533--536},
	year={1986}
}

@article{lecun1989generalization,
	title={Generalization and network design strategies},
	author={LeCun, Yann and others},
	journal={Connections in Perspective. North-Holland, Amsterdam},
	pages={143--55},
	year={1989},
	publisher={Citeseer}
}


@inproceedings{lecun1995comparison,
	title={Comparison of learning algorithms for handwritten digit recognition},
	author={LeCun, Yann and Jackel, LD and Bottou, L and Brunot, A and Cortes, C and others},
	booktitle={Comparison of learning algorithms for handwritten digit recognition},
	year={1995}
}
 
 
@book{bishop1995neural,
	title={Neural networks for pattern recognition},
	author={Bishop, Christopher M},
	year={1995},
	publisher={Oxford university press}
}

@inproceedings{glorot2011deep,
	title={Deep sparse rectifier neural networks},
	author={Glorot, Xavier and Bordes, Antoine and Bengio, Yoshua},
	booktitle={International Conference on Artificial Intelligence and Statistics},
	pages={315--323},
	year={2011}
}

@article{lecun2015deep,
	title={Deep learning},
	author={LeCun, Yann and Bengio, Yoshua and Hinton, Geoffrey},
	journal={Nature},
	volume={521},
	number={7553},
	pages={436--444},
	year={2015},
	publisher={Nature Publishing Group}
}

@inproceedings{krizhevsky2012imagenet,
	title={Imagenet classification with deep convolutional neural networks},
	author={Krizhevsky, Alex and Sutskever, Ilya and Hinton, Geoffrey E},
	booktitle={Advances in neural information processing systems},
	pages={1097--1105},
	year={2012}
}

@inproceedings{jarrett2009best,
	title={What is the best multi-stage architecture for object recognition?},
	author={Jarrett, Kevin and Kavukcuoglu, Koray and Ranzato, Marc'Aurelio and LeCun, Yann},
	booktitle={Computer Vision, 2009 IEEE 12th International Conference on},
	pages={2146--2153},
	year={2009},
	organization={IEEE}
}

@article{hinton2012improving,
	title={Improving neural networks by preventing co-adaptation of feature detectors},
	author={Hinton, Geoffrey E and Srivastava, Nitish and Krizhevsky, Alex and Sutskever, Ilya and Salakhutdinov, Ruslan R},
	journal={arXiv preprint arXiv:1207.0580},
	year={2012}
}

@article{srivastava2014dropout,
	title={Dropout: A simple way to prevent neural networks from overfitting},
	author={Srivastava, Nitish and Hinton, Geoffrey and Krizhevsky, Alex and Sutskever, Ilya and Salakhutdinov, Ruslan},
	journal={The Journal of Machine Learning Research},
	volume={15},
	number={1},
	pages={1929--1958},
	year={2014},
	publisher={JMLR. org}
}

@book{vapnik1998statistical,
	title={Statistical learning theory},
	author={Vapnik, Vladimir Naumovich and Vapnik, Vlamimir},
	volume={1},
	year={1998},
	publisher={Wiley New York}
}

@incollection{bottou2010large,
	title={Large-scale machine learning with stochastic gradient descent},
	author={Bottou, L{\'e}on},
	booktitle={Proceedings of COMPSTAT'2010},
	pages={177--186},
	year={2010},
	publisher={Springer}
}

@OTHER{sgd,
	title = {http://ufldl.stanford.edu/tutorial/supervised/
	OptimizationStochasticGradientDescent/}, 
	author={Andrew Ng and colleagues}, 
	year= {2013}
}

@article{moody1995simple,
	title={A simple weight decay can improve generalization},
	author={Moody, J and Hanson, S and Krogh, Anders and Hertz, John A},
	journal={Advances in neural information processing systems},
	volume={4},
	pages={950--957},
	year={1995}
}

@inproceedings{sutskever2013importance,
	title={On the importance of initialization and momentum in deep learning},
	author={Sutskever, Ilya and Martens, James and Dahl, George and Hinton, Geoffrey},
	booktitle={Proceedings of the 30th international conference on machine learning (ICML-13)},
	pages={1139--1147},
	year={2013}
}

@article{polyak1964some,
	title={Some methods of speeding up the convergence of iteration methods},
	author={Polyak, Boris T},
	journal={USSR Computational Mathematics and Mathematical Physics},
	volume={4},
	number={5},
	pages={1--17},
	year={1964},
	publisher={Elsevier}
}

@OTHER{sub,
	title={http://white.stanford.edu/teach/index.php/An\_Introduction\_to
	\_Convolutional\_Neural\_Networks}, 
	author= {Stanford University},
	year= {2013}
}

@article{mahadevan2010anomaly,
	title={Anomaly detection in crowded scenes},
	author={Mahadevan, Vijay and Li, Weixin and Bhalodia, Viral and Vasconcelos, Nuno},
	journal={Proc. IEEE Conference on Computer Vision and Pattern Recognition (CVPR), 
	San Francisco, CA, 2010}, 
	year={2010},
	publisher={IEEE}
}


@article{chan2013ground,
	title={Ground truth annotations for UCSD dataset},
	author={Chan, Antoni and Vasconcelos, Nuno},
	journal= {IEEE Conference on Computer Vision and Pattern Recognition (CVPR)},
	year={2013}
}


%% related works state of the art 

@inproceedings{segui2015learning,
	title={Learning to count with deep object features},
	author={Segu{\'\i}, Santi and Pujol, Oriol and Vitria, Jordi},
	booktitle={Proceedings of the IEEE Conference on Computer Vision and Pattern Recognition Workshops},
	pages={90--96},
	year={2015}
}

@inproceedings{lempitsky2010learning,
	title={Learning to count objects in images},
	author={Lempitsky, Victor and Zisserman, Andrew},
	booktitle={Advances in Neural Information Processing Systems},
	pages={1324--1332},
	year={2010}
}

@article{viola2004robust,
	title={Robust real-time face detection},
	author={Viola, Paul and Jones, Michael J},
	journal={International journal of computer vision},
	volume={57},
	number={2},
	pages={137--154},
	year={2004},
	publisher={Springer}
}

@inproceedings{zhang2015improving,
	title={Improving object detection with deep convolutional networks via bayesian optimization and structured prediction},
	author={Zhang, Yuting and Sohn, Kihyuk and Villegas, Ruben and Pan, Gang and Lee, Honglak},
	booktitle={Proceedings of the IEEE Conference on Computer Vision and Pattern Recognition},
	pages={249--258},
	year={2015}
}

@inproceedings{zhou2014learning,
	title={Learning deep features for scene recognition using places database},
	author={Zhou, Bolei and Lapedriza, Agata and Xiao, Jianxiong and Torralba, Antonio and Oliva, Aude},
	booktitle={Advances in neural information processing systems},
	pages={487--495},
	year={2014}
}

@inproceedings{erhan2014scalable,
	title={Scalable object detection using deep neural networks},
	author={Erhan, Dumitru and Szegedy, Christian and Toshev, Alexander and Anguelov, Dragomir},
	booktitle={Proceedings of the IEEE Conference on Computer Vision and Pattern Recognition},
	pages={2147--2154},
	year={2014}
}

@inproceedings{girshick2014rich,
	title={Rich feature hierarchies for accurate object detection and semantic segmentation},
	author={Girshick, Ross and Donahue, Jeff and Darrell, Trevor and Malik, Jitendra},
	booktitle={Proceedings of the IEEE conference on computer vision and pattern recognition},
	pages={580--587},
	year={2014}
}

@article{he2015spatial,
	title={Spatial pyramid pooling in deep convolutional networks for visual recognition},
	author={He, Kaiming and Zhang, Xiangyu and Ren, Shaoqing and Sun, Jian},
	journal={Pattern Analysis and Machine Intelligence, IEEE Transactions on},
	volume={37},
	number={9},
	pages={1904--1916},
	year={2015},
	publisher={IEEE}
}

@inproceedings{erhan2014scalable,
	title={Scalable object detection using deep neural networks},
	author={Erhan, Dumitru and Szegedy, Christian and Toshev, Alexander and Anguelov, Dragomir},
	booktitle={Proceedings of the IEEE Conference on Computer Vision and Pattern Recognition},
	pages={2147--2154},
	year={2014}
}

@article{lecun1989backpropagation,
	title={Backpropagation applied to handwritten zip code recognition},
	author={LeCun, Yann and Boser, Bernhard and Denker, John S and Henderson, Donnie and Howard, Richard E and Hubbard, Wayne and Jackel, Lawrence D},
	journal={Neural computation},
	volume={1},
	number={4},
	pages={541--551},
	year={1989},
	publisher={MIT Press}
}

@InProceedings{Karpathy_2014_CVPR,
	author = {Karpathy, Andrej and Toderici, George and Shetty, Sanketh and Leung, Thomas and Sukthankar, Rahul and Fei-Fei, Li},
	title = {Large-scale Video Classification with Convolutional Neural Networks},
	booktitle = {The IEEE Conference on Computer Vision and Pattern Recognition (CVPR)},
	month = {June},
	year = {2014}
} 

@inproceedings{ciresan2011flexible,
	title={Flexible, high performance convolutional neural networks for image classification},
	author={Ciresan, Dan C and Meier, Ueli and Masci, Jonathan and Maria Gambardella, Luca and Schmidhuber, J{\"u}rgen},
	booktitle={IJCAI Proceedings-International Joint Conference on Artificial Intelligence},
	pages={1237},
	year={2011}
}


@inproceedings{oliva2003top,
	title={Top-down control of visual attention in object detection},
	author={Oliva, Atrde and Torralba, Antonio and Castelhano, Monica S and Henderson, John M},
	booktitle={Image processing, 2003. icip 2003. proceedings. 2003 international conference on},
	volume={1},
	pages={I--253},
	year={2003},
	organization={IEEE}
}


@inproceedings{chan2008privacy,
	title={Privacy preserving crowd monitoring: Counting people without people models or tracking},
	author={Chan, Antoni B and Liang, Zhang-Sheng John and Vasconcelos, Nuno},
	booktitle={Computer Vision and Pattern Recognition, 2008. CVPR 2008. IEEE Conference on},
	pages={1--7},
	year={2008},
	organization={IEEE}
}


@book{vaidya2006privacy,
	title={Privacy preserving data mining},
	author={Vaidya, Jaideep and Clifton, Christopher W and Zhu, Yu Michael},
	volume={19},
	year={2006},
	publisher={Springer Science \& Business Media}
}

@article{verykios2004state,
	title={State-of-the-art in privacy preserving data mining},
	author={Verykios, Vassilios S and Bertino, Elisa and Fovino, Igor Nai and Provenza, Loredana Parasiliti and Saygin, Yucel and Theodoridis, Yannis},
	journal={ACM Sigmod Record},
	volume={33},
	number={1},
	pages={50--57},
	year={2004},
	publisher={ACM}
}


@article{chan2008modeling,
	title={Modeling, clustering, and segmenting video with mixtures of dynamic textures},
	author={Chan, Antoni B and Vasconcelos, Nuno},
	journal={Pattern Analysis and Machine Intelligence, IEEE Transactions on},
	volume={30},
	number={5},
	pages={909--926},
	year={2008},
	publisher={IEEE}
}

@article{doretto2003dynamic,
	title={Dynamic textures},
	author={Doretto, Gianfranco and Chiuso, Alessandro and Wu, Ying Nian and Soatto, Stefano},
	journal={International Journal of Computer Vision},
	volume={51},
	pages={91--109},
	year={2003},
	publisher={Springer}
}